%YAML 1.1
%TAG !u! tag:unity3d.com,2011:
--- !u!1 &1300051557426648575
GameObject:
  m_ObjectHideFlags: 0
  m_CorrespondingSourceObject: {fileID: 0}
  m_PrefabInstance: {fileID: 0}
  m_PrefabAsset: {fileID: 0}
  serializedVersion: 6
  m_Component:
  - component: {fileID: 1300051557426648547}
  - component: {fileID: 1300051557426648546}
  - component: {fileID: 1300051557426648573}
  - component: {fileID: 1300051557426648572}
  - component: {fileID: 4235540033560144230}
  - component: {fileID: 6236896795272164345}
  m_Layer: 0
  m_Name: FireBall 1
  m_TagString: Untagged
  m_Icon: {fileID: 0}
  m_NavMeshLayer: 0
  m_StaticEditorFlags: 0
  m_IsActive: 1
--- !u!4 &1300051557426648547
Transform:
  m_ObjectHideFlags: 0
  m_CorrespondingSourceObject: {fileID: 0}
  m_PrefabInstance: {fileID: 0}
  m_PrefabAsset: {fileID: 0}
  m_GameObject: {fileID: 1300051557426648575}
  m_LocalRotation: {x: 0, y: 0, z: 0, w: 1}
  m_LocalPosition: {x: 1.5872631, y: 0.9753275, z: -36.142532}
  m_LocalScale: {x: 0.7, y: 0.7, z: 0.7}
  m_Children:
  - {fileID: 1298307717688580650}
  m_Father: {fileID: 0}
  m_RootOrder: 0
  m_LocalEulerAnglesHint: {x: 0, y: 0, z: 0}
--- !u!33 &1300051557426648546
MeshFilter:
  m_ObjectHideFlags: 0
  m_CorrespondingSourceObject: {fileID: 0}
  m_PrefabInstance: {fileID: 0}
  m_PrefabAsset: {fileID: 0}
  m_GameObject: {fileID: 1300051557426648575}
  m_Mesh: {fileID: 10207, guid: 0000000000000000e000000000000000, type: 0}
--- !u!23 &1300051557426648573
MeshRenderer:
  m_ObjectHideFlags: 0
  m_CorrespondingSourceObject: {fileID: 0}
  m_PrefabInstance: {fileID: 0}
  m_PrefabAsset: {fileID: 0}
  m_GameObject: {fileID: 1300051557426648575}
  m_Enabled: 1
  m_CastShadows: 1
  m_ReceiveShadows: 1
  m_DynamicOccludee: 1
  m_MotionVectors: 1
  m_LightProbeUsage: 1
  m_ReflectionProbeUsage: 1
  m_RenderingLayerMask: 1
  m_RendererPriority: 0
  m_Materials:
  - {fileID: 2100000, guid: 28c1d608ddd496a4ebe9e89cf1ae36e3, type: 2}
  m_StaticBatchInfo:
    firstSubMesh: 0
    subMeshCount: 0
  m_StaticBatchRoot: {fileID: 0}
  m_ProbeAnchor: {fileID: 0}
  m_LightProbeVolumeOverride: {fileID: 0}
  m_ScaleInLightmap: 1
  m_PreserveUVs: 0
  m_IgnoreNormalsForChartDetection: 0
  m_ImportantGI: 0
  m_StitchLightmapSeams: 1
  m_SelectedEditorRenderState: 3
  m_MinimumChartSize: 4
  m_AutoUVMaxDistance: 0.5
  m_AutoUVMaxAngle: 89
  m_LightmapParameters: {fileID: 0}
  m_SortingLayerID: 0
  m_SortingLayer: 0
  m_SortingOrder: 0
--- !u!135 &1300051557426648572
SphereCollider:
  m_ObjectHideFlags: 0
  m_CorrespondingSourceObject: {fileID: 0}
  m_PrefabInstance: {fileID: 0}
  m_PrefabAsset: {fileID: 0}
  m_GameObject: {fileID: 1300051557426648575}
  m_Material: {fileID: 0}
  m_IsTrigger: 0
  m_Enabled: 1
  serializedVersion: 2
  m_Radius: 0.5
  m_Center: {x: 0, y: 0, z: 0}
--- !u!54 &4235540033560144230
Rigidbody:
  m_ObjectHideFlags: 0
  m_CorrespondingSourceObject: {fileID: 0}
  m_PrefabInstance: {fileID: 0}
  m_PrefabAsset: {fileID: 0}
  m_GameObject: {fileID: 1300051557426648575}
  serializedVersion: 2
  m_Mass: 1
  m_Drag: 0
  m_AngularDrag: 0.05
  m_UseGravity: 0
  m_IsKinematic: 0
  m_Interpolate: 0
  m_Constraints: 0
  m_CollisionDetection: 0
--- !u!114 &6236896795272164345
MonoBehaviour:
  m_ObjectHideFlags: 0
  m_CorrespondingSourceObject: {fileID: 0}
  m_PrefabInstance: {fileID: 0}
  m_PrefabAsset: {fileID: 0}
  m_GameObject: {fileID: 1300051557426648575}
  m_Enabled: 1
  m_EditorHideFlags: 0
  m_Script: {fileID: 11500000, guid: 7378ae3e4508daf4aa042bd90b64fc9a, type: 3}
  m_Name: 
  m_EditorClassIdentifier: 
  unitychan:
    serializedVersion: 2
    m_Bits: 256
  Attacktime: 3
  Radius: 5
  MAXdamege: 1
  ExplosionForce: 1000
  m_ExplosionParticles: {fileID: 1204108122581227498}
  gamemanager: {fileID: 0}
--- !u!1001 &1300051557288526012
PrefabInstance:
  m_ObjectHideFlags: 0
  serializedVersion: 2
  m_Modification:
    m_TransformParent: {fileID: 1300051557426648547}
    m_Modifications:
    - target: {fileID: 1000011128802252, guid: 96730f8640590934eacb6f860058e7f9, type: 3}
      propertyPath: m_Name
      value: PlasmaExplosionEffect
      objectReference: {fileID: 0}
    - target: {fileID: 4000011693693590, guid: 96730f8640590934eacb6f860058e7f9, type: 3}
      propertyPath: m_LocalPosition.x
      value: 0
      objectReference: {fileID: 0}
    - target: {fileID: 4000011693693590, guid: 96730f8640590934eacb6f860058e7f9, type: 3}
      propertyPath: m_LocalPosition.y
      value: 0
      objectReference: {fileID: 0}
    - target: {fileID: 4000011693693590, guid: 96730f8640590934eacb6f860058e7f9, type: 3}
      propertyPath: m_LocalPosition.z
      value: 0
      objectReference: {fileID: 0}
    - target: {fileID: 4000011693693590, guid: 96730f8640590934eacb6f860058e7f9, type: 3}
      propertyPath: m_LocalRotation.x
      value: -0.7071068
      objectReference: {fileID: 0}
    - target: {fileID: 4000011693693590, guid: 96730f8640590934eacb6f860058e7f9, type: 3}
      propertyPath: m_LocalRotation.y
      value: -0
      objectReference: {fileID: 0}
    - target: {fileID: 4000011693693590, guid: 96730f8640590934eacb6f860058e7f9, type: 3}
      propertyPath: m_LocalRotation.z
      value: -0
      objectReference: {fileID: 0}
    - target: {fileID: 4000011693693590, guid: 96730f8640590934eacb6f860058e7f9, type: 3}
      propertyPath: m_LocalRotation.w
      value: 0.7071068
      objectReference: {fileID: 0}
    - target: {fileID: 4000011693693590, guid: 96730f8640590934eacb6f860058e7f9, type: 3}
      propertyPath: m_RootOrder
      value: 0
      objectReference: {fileID: 0}
    - target: {fileID: 4000011693693590, guid: 96730f8640590934eacb6f860058e7f9, type: 3}
      propertyPath: m_LocalEulerAnglesHint.x
      value: 0
      objectReference: {fileID: 0}
    - target: {fileID: 4000011693693590, guid: 96730f8640590934eacb6f860058e7f9, type: 3}
      propertyPath: m_LocalEulerAnglesHint.y
      value: 0
      objectReference: {fileID: 0}
    - target: {fileID: 4000011693693590, guid: 96730f8640590934eacb6f860058e7f9, type: 3}
      propertyPath: m_LocalEulerAnglesHint.z
      value: 0
      objectReference: {fileID: 0}
    - target: {fileID: 4000011693693590, guid: 96730f8640590934eacb6f860058e7f9, type: 3}
      propertyPath: m_LocalScale.x
      value: 1.4285713
      objectReference: {fileID: 0}
    - target: {fileID: 4000011693693590, guid: 96730f8640590934eacb6f860058e7f9, type: 3}
      propertyPath: m_LocalScale.y
      value: 1.4285719
      objectReference: {fileID: 0}
    - target: {fileID: 4000011693693590, guid: 96730f8640590934eacb6f860058e7f9, type: 3}
      propertyPath: m_LocalScale.z
      value: 1.4285719
      objectReference: {fileID: 0}
    - target: {fileID: 198000010585806678, guid: 96730f8640590934eacb6f860058e7f9,
        type: 3}
      propertyPath: looping
      value: 0
      objectReference: {fileID: 0}
    - target: {fileID: 199000011072130232, guid: 96730f8640590934eacb6f860058e7f9,
        type: 3}
      propertyPath: m_Materials.Array.data[0]
      value: 
      objectReference: {fileID: 0}
    m_RemovedComponents: []
  m_SourcePrefab: {fileID: 100100000, guid: 96730f8640590934eacb6f860058e7f9, type: 3}
--- !u!4 &1298307717688580650 stripped
Transform:
  m_CorrespondingSourceObject: {fileID: 4000011693693590, guid: 96730f8640590934eacb6f860058e7f9,
    type: 3}
  m_PrefabInstance: {fileID: 1300051557288526012}
  m_PrefabAsset: {fileID: 0}
--- !u!198 &1204108122581227498 stripped
ParticleSystem:
  m_CorrespondingSourceObject: {fileID: 198000010585806678, guid: 96730f8640590934eacb6f860058e7f9,
    type: 3}
  m_PrefabInstance: {fileID: 1300051557288526012}
  m_PrefabAsset: {fileID: 0}
